@article{lamport1978time,
  title={Time, clocks, and the ordering of events in a distributed system},
  author={Lamport, Leslie},
  journal={Communications of the ACM},
  doi = {10.1145/359545.359563},
  volume={21},
  number={7},
  pages={558--565},
  year={1978},
  publisher={ACM}
}

@inproceedings{colombo2011elarva,
  title={Elarva: A monitoring tool for erlang},
  author={Colombo, Christian and Francalanza, Adrian and Gatt, Rudolph},
  booktitle={International Conference on Runtime Verification},
  pages={370--374},
  year={2011},
  organization={Springer}
}

@article{flanagan2010fasttrack,
  title={{FastTrack}: efficient and precise dynamic race detection},
  author={Flanagan, Cormac and Freund, Stephen N},
  journal={Communications of the ACM},
  doi = {10.1145/1543135.1542490},
  volume={53},
  number={11},
  pages={93--101},
  year={2010},
  publisher={ACM}
}

@inproceedings{Fidge:1991:PAT:646210.683620,
 author = {Fidge, Colin J.},
 title = {Process Algebra Traces Augmented with Causal Relationships},
 booktitle = {Proc.\ of FORTE '91},
 year = {1992},
 pages = {527--541},
 acmid = {683620},
 publisher = {North-Holland Publishing Co.},
 address = {Amsterdam, The Netherlands, The Netherlands},
} 

@inproceedings{DBLP:conf/pdd/Fidge88,
  author    = {Colin J. Fidge},
  title     = {Partial Orders for Parallel Debugging},
  booktitle = {Proc.\ of the {ACM} {SIGPLAN} and {SIGOPS} Workshop on Parallel
               and Distributed Debugging},
  pages     = {183--194},
  year      = {1988},
  publisher = {{ACM}}
}



@article{fidge1988timestamps,
  author = {Fidge, Colin J.},
  biburl = {https://www.bibsonomy.org/bibtex/2cc829c490de6ff6203758943b4d3ca84/nosebrain},
  description = {Timestamps in message-passing systems that preserve the partial ordering | Mendeley},
   interhash = {27bbdd2f31ec6e29b97770b3e017cddc},
  intrahash = {cc829c490de6ff6203758943b4d3ca84},
  journal = {Proceedings of the 11th Australian Computer Science Conference},
  volume = {10},
  number = {1},
    pages     = {56--66},
    year = {1988},
  title = {Timestamps in message-passing systems that preserve the partial ordering},
  url = {http://sky.scitech.qut.edu.au/~fidgec/Publications/fidge88a.pdf},
}



@article{DBLP:journals/acj/Fidge87,
  author    = {Colin J. Fidge},
  title     = {Reproducible Tests in {CSP}},
  journal   = {Australian Computer Journal},
  volume    = {19},
  number    = {2},
  pages     = {92--98},
  year      = {1987},
  timestamp = {Thu, 03 Jan 2002 12:12:03 +0100},
  biburl    = {http://dblp.uni-trier.de/rec/bib/journals/acj/Fidge87},
  bibsource = {dblp computer science bibliography, http://dblp.org}
}


@inproceedings{allan2005adding,
	title={Adding trace matching with free variables to AspectJ},
	author={Allan, Chris and Avgustinov, Pavel and Christensen, Aske Simon and Hendren, Laurie and Kuzins, Sascha and Lhot{\'a}k, Ond{\v{r}}ej and De Moor, Oege and Sereni, Damien and Sittampalam, Ganesh and Tibble, Julian},
	booktitle={ACM SIGPLAN Notices},
	volume={40},
	number={10},
	pages={345--364},
	year={2005},
	organization={ACM}
}

@inproceedings{reger2016trace,
	title={What is a trace? A runtime verification perspective},
	author={Reger, Giles and Havelund, Klaus},
	booktitle={International Symposium on Leveraging Applications of Formal Methods},
	pages={339--355},
	year={2016},
	organization={Springer}
}

@inproceedings{mostafa2015decentralized,
	title={Decentralized runtime verification of LTL specifications in distributed systems},
	author={Mostafa, Menna and Bonakdarpour, Borzoo},
	booktitle={Parallel and Distributed Processing Symposium (IPDPS), 2015 IEEE International},
	pages={494--503},
	year={2015},
	organization={IEEE}
}

@inproceedings{ogale2007detecting,
	title={Detecting temporal logic predicates on distributed computations},
	author={Ogale, Vinit A and Garg, Vijay K},
	booktitle={International Symposium on Distributed Computing},
	pages={420--434},
	year={2007},
	organization={Springer}
}

@article{sen2003partial,
	title={Partial order trace analyzer (POTA) for distributed programs},
	author={Sen, Alper and Garg, Vijay K},
	journal={Electronic Notes in Theoretical Computer Science},
	volume={89},
	number={2},
	pages={22--43},
	year={2003},
	publisher={Elsevier}
}

@article{Sen:2006:OEP:1165374.1165378,
 author = {Sen, Koushik and Ro\&\#x015f;u, Grigore and Agha, Gul},
 title = {Online Efficient Predictive Safety Analysis of Multithreaded Programs},
 journal = {Int. J. Softw. Tools Technol. Transf.},
 issue_date = {June 2006},
 volume = {8},
 number = {3},
 month = jun,
 year = {2006},
 issn = {1433-2779},
 pages = {248--260},
 numpages = {13},
 url = {http://dx.doi.org/10.1007/s10009-005-0192-y},
 doi = {10.1007/s10009-005-0192-y},
 acmid = {1165378},
 publisher = {Springer},
 keywords = {JMPaX, Multithreaded analysis, Predictive analysis, Runtime monitoring, Vector clock},
} 

@inproceedings{DBLP:conf/rv/MeredithR10,
  author    = {Patrick O'Neil Meredith and
               Grigore Rosu},
  title     = {Runtime Verification with the {RV} System},
  booktitle = {Proc.\ of RV'10},
  pages     = {136--152},
  year      = {2010},
  series    = {LNCS},
  volume    = {6418},
  publisher = {Springer}
}


@inproceedings{Chen:2007:PSC:1770351.1770387,
 author = {Chen, Feng and Ro\c{s}u, Grigore},
 title = {Parametric and Sliced Causality},
 booktitle = {Proc.\ of CAV'07},
 year = {2007},
 isbn = {978-3-540-73367-6},
 location = {Berlin, Germany},
 pages = {240--253},
 numpages = {14},
 url = {http://dl.acm.org/citation.cfm?id=1770351.1770387},
 acmid = {1770387},
 publisher = {Springer}
} 

@article{Sen:2003:RSA:949952.940116,
 author = {Sen, Koushik and Rosu, Grigore and Agha, Gul},
 title = {Runtime Safety Analysis of Multithreaded Programs},
 journal = {SIGSOFT Softw. Eng. Notes},
 issue_date = {September 2003},
 volume = {28},
 number = {5},
 month = sep,
 year = {2003},
 issn = {0163-5948},
 pages = {337--346},
 numpages = {10},
 url = {http://doi.acm.org/10.1145/949952.940116},
 doi = {10.1145/949952.940116},
 acmid = {940116},
 publisher = {ACM},
 address = {New York, NY, USA},
 keywords = {JMPaX, Java, LTL, multithreaded program, predictive analysis, runtime monitoring, safety analysis, vector clock},
} 

@inproceedings{Wang:2010:TSA:2175554.2175589,
 author = {Wang, Chao and Limaye, Rhishikesh and Ganai, Malay and Gupta, Aarti},
 title = {Trace-Based Symbolic Analysis for Atomicity Violations},
 booktitle = {Proc.\ of TACAS'10},
 year = {2010},
 isbn = {3-642-12001-6, 978-3-642-12001-5},
 location = {Paphos, Cyprus},
 pages = {328--342},
 numpages = {15},
 acmid = {2175589},
 publisher = {Springer}
} 




@inproceedings{Netzer:1992:OTR:147877.148058,
 author = {Netzer, R. H. B. and Miller, B. P.},
 title = {Optimal Tracing and Replay for Debugging Message-passing Parallel Programs},
 booktitle = {Proc.\ of Supercomputing '92},
 year = {1992},
 isbn = {0-8186-2630-5},
 location = {Minneapolis, Minnesota, USA},
 pages = {502--511},
 numpages = {10},
 url = {http://dl.acm.org/citation.cfm?id=147877.148058},
 acmid = {148058},
 publisher = {IEEE Computer Society Press},
 address = {Los Alamitos, CA, USA},
} 

@inproceedings{Wang:2011:CGS:1985793.1985824,
 author = {Wang, Chao and Said, Mahmoud and Gupta, Aarti},
 title = {Coverage Guided Systematic Concurrency Testing},
 booktitle = {Proceedings of the 33rd International Conference on Software Engineering},
 series = {ICSE '11},
 year = {2011},
 isbn = {978-1-4503-0445-0},
 location = {Waikiki, Honolulu, HI, USA},
 pages = {221--230},
 numpages = {10},
 url = {http://doi.acm.org/10.1145/1985793.1985824},
 doi = {10.1145/1985793.1985824},
 acmid = {1985824},
 publisher = {ACM},
 address = {New York, NY, USA},
 keywords = {concurrency, coverage, partial order reduction},
}


@inproceedings{DBLP:conf/kbse/TasharofiPLJ13,
  author    = {Samira Tasharofi and
               Michael Pradel and
               Yu Lin and
               Ralph E. Johnson},
  title     = {Bita: Coverage-guided, automatic testing of actor programs},
  booktitle = {Proc.\ of ASE'13},
  pages     = {114--124},
  year      = {2013},
  publisher = {{IEEE}}
}

@article{DBLP:journals/dc/GargSM07,
  author    = {Vijay K. Garg and
               Chakarat Skawratananond and
               Neeraj Mittal},
  title     = {Timestamping messages and events in a distributed system using synchronous
               communication},
  journal   = {Distributed Computing},
  volume    = {19},
  number    = {5-6},
  pages     = {387--402},
  year      = {2007},
  url       = {https://doi.org/10.1007/s00446-006-0018-5},
  doi       = {10.1007/s00446-006-0018-5},
  timestamp = {Sun, 28 May 2017 13:19:05 +0200},
  biburl    = {http://dblp.uni-trier.de/rec/bib/journals/dc/GargSM07},
  bibsource = {dblp computer science bibliography, http://dblp.org}
}

@INPROCEEDINGS{Mattern89virtualtime,
    author = {Friedemann Mattern},
    title = {Virtual Time and Global States of Distributed Systems},
    booktitle = {Parallel and Distributed Algorithms},
    year = {1989},
    pages = {215--226},
    publisher = {North-Holland}
}

@misc{golang,
   key = {Go},
   year = {2018},
   title = "The {Go} Programming Language",
   howpublished = {https://golang.org/},
   note = {Accessed: 2018-05-02}
}

@misc{go-race-checker,
  key = {Go Race},
  title = "Introducing the Go Race Detector",
  howpublished = {https://blog.golang.org/race-detector}
  }

@misc{thread-sanitizer-v2,
   key = {ThreadSanitizer},
   title = "ThreadSanitizer",
   year = {2020},
   howpublished = {https://github.com/google/sanitizers}
 }

@article{Hoare:1978:CSP:359576.359585,
 author = {Hoare, Charles A. R.},
 title = {Communicating Sequential Processes},
 journal = {Commun. ACM},
 issue_date = {Aug. 1978},
 volume = {21},
 number = {8},
 month = aug,
 year = {1978},
 issn = {0001-0782},
 pages = {666--677},
 acmid = {359585},
 publisher = {ACM},
 address = {New York, NY, USA},
 keywords = {classes, concurrency, conditional critical regions, coroutines, data representations, guarded commands, input, iterative arrays, monitors, multiple entries, multiple exits, nondeterminacy, output, parallel programming, procedures, program structures, programming, programming languages, programming primitives, recursion},
}

@phdthesis{Vo:2011:SFD:2231450,
 author = {Vo, Anh},
 advisor = {Gopalakrishnan, Ganesh},
 title = {Scalable Formal Dynamic Verification of {MPI} Programs Through Distributed Causality Tracking},
 year = {2011},
 isbn = {978-1-124-63005-2},
 note = {AAI3454168},
 school = {University of Utah},
 publisher = {University of Utah}
} 

@phdthesis{Samira:Tasharofi:2013,
  author = {Samira Tasharofi},
  title = {Efficient testing of actor programs with non-deterministic behaviors},
  year = {2013},
  school = {University of Illinois at Urbana-Champaign},
  publisher = {University of Illinois at Urbana-Champaign}
}


@phdthesis{Luo:Qingzhou:2015,
 author = {Luo, Qingzhou},
 title = {Testing, Runtime Verification, and Analysis of Concurrent Programs},
 year = {2015},
 school = {University of Illinois at Urbana-Champaign},
 publisher = {University of Illinois at Urbana-Champaign}
}

@misc{goscout,
   key = {Go},
   title = "Trace-Based Run-time Analysis of Message-Passing {Go} Programs",
   howpublished = {https://github.com/KaiSta/gopherlyzer-GoScout}
}

@inproceedings{Flanagan:2009:FEP:1542476.1542490,
 author = {Flanagan, Cormac and Freund, Stephen N.},
 title = {FastTrack: Efficient and Precise Dynamic Race Detection},
 booktitle = {Proc.\ of PLDI '09},
 year = {2009},
 pages = {121--133},
 publisher = {ACM}
} 

@article{DBLP:journals/concurrency/PoznianskyS07,
  author    = {Eli Pozniansky and
               Assaf Schuster},
  title     = {MultiRace: efficient on-the-fly data race detection in multithreaded
               {C++} programs},
  journal   = {Concurrency and Computation: Practice and Experience},
  volume    = {19},
  number    = {3},
  pages     = {327--340},
  year      = {2007},
  timestamp = {Sat, 20 May 2017 01:00:00 +0200},
  biburl    = {http://dblp.uni-trier.de/rec/bib/journals/concurrency/PoznianskyS07},
  bibsource = {dblp computer science bibliography, http://dblp.org}
}




@inproceedings{DBLP:conf/hvc/SulzmannS17,
  author    = {Martin Sulzmann and
               Kai Stadtm{\"{u}}ller},
  title     = {Trace-Based Run-Time Analysis of Message-Passing Go Programs},
  booktitle = {Proc.\ of HVC'17},
  pages     = {83--98},
  year      = {2017},
  series    = {LNCS},
  volume    = {10629},
  publisher = {Springer}
}


@inproceedings{hpc2000,
  author    = {Qilong Zheng and Guoliang Chen and Liusheng Huang},
  title     = {Optimal  record  and  replay for   debugging   of   nondeterministic   {MPI/PVM}   programs},
  booktitle = {Proceedings Fourth International Conference/Exhibition on High Performance Computing in the Asia-Pacific Region},
  pages     = {473--475},
  year      = {2000},
  series    = {IEEE},
  volume    = {1},
  publisher = {IEEE}
}

@inproceedings{Netzer:1992:OTR:147877.148058,
 author = {Netzer, R. H. B. and Miller, B. P.},
 title = {Optimal Tracing and Replay for Debugging Message-passing Parallel Programs},
 booktitle = {Proc.\ of Supercomputing '92},
 year = {1992},
 isbn = {0-8186-2630-5},
 location = {Minneapolis, Minnesota, USA},
 pages = {502--511},
 numpages = {10},
 url = {http://dl.acm.org/citation.cfm?id=147877.148058},
 acmid = {148058},
 publisher = {IEEE Computer Society Press},
 address = {Los Alamitos, CA, USA},
}

@inproceedings{DBLP:conf/lcpc/Netzer93,
  author    = {Robert H. B. Netzer},
  title     = {Trace Size vs. Parallelism in Trace-and-Replay Debugging of Shared-Memory
               Programs},
  booktitle = {Languages and Compilers for Parallel Computing, 6th International
               Workshop, Portland, Oregon, USA, August 12-14, 1993, Proceedings},
  pages     = {617--632},
  series    = {LNCS},
  volume    = {768},
  publisher = {Springer},
  year      = {1994}
}


@inproceedings{DBLP:conf/sc/NetzerM92,
  author    = {Robert H. B. Netzer and
               Barton P. Miller},
  title     = {Optimal Tracing and Replay for Debugging Message-Passing Parallel
               Programs},
  booktitle = {Proceedings Supercomputing '92, Minneapolis, MN, USA, November 16-20,
               1992},
  pages     = {502--511},
  year      = {1992},
  publisher = {{IEEE} Computer Society}
}

@article{Ronsse:2003:DSM:860016.860024,
 author = {Ronsse, Michiel and Christiaens, Mark and De Bosschere, Koen},
 title = {Debugging Shared Memory Parallel Programs Using Record/Replay},
 journal = {Future Gener. Comput. Syst.},
 issue_date = {July 2003},
 volume = {19},
 number = {5},
 month = jul,
 year = {2003},
 issn = {0167-739X},
 pages = {679--687},
 publisher = {Elsevier Science Publishers B. V.},
 address = {Amsterdam, The Netherlands, The Netherlands},
 keywords = {debugging, non-deterministic parallel programs, record/replay},
}

@article{Ronsse:1999:RFI:312203.312214,
 author = {Ronsse, Michiel and De Bosschere, Koen},
 title = {RecPlay: A Fully Integrated Practical Record/Replay System},
 journal = {ACM Trans. Comput. Syst.},
 issue_date = {May 1999},
 volume = {17},
 number = {2},
 month = may,
 year = {1999},
 issn = {0734-2071},
 pages = {133--152},
 publisher = {ACM},
 address = {New York, NY, USA},
 keywords = {binary code modification, multithreaded programming, race detection},
}

@article{Ha:2015:EAO:2814683.2836792,
 author = {Ha, Ok-Kyoon and Jun, Yong-Kee},
 title = {An Efficient Algorithm for On-the-fly Data Race Detection Using an Epoch-based Technique},
 journal = {Sci. Program.},
 issue_date = {January 2015},
 volume = {2015},
 month = jan,
 year = {2015},
 issn = {1058-9244},
 pages = {13:13--13:13},
 articleno = {13},
 numpages = {1},
 acmid = {2836792},
 publisher = {Hindawi Publishing Corp.},
 address = {New York, NY, United States},
} 

@inproceedings{Dimitrov:2015:RDT:2755573.2755601,
 author = {Dimitrov, Dimitar and Vechev, Martin and Sarkar, Vivek},
 title = {Race Detection in Two Dimensions},
 booktitle = {Proceedings of the 27th ACM Symposium on Parallelism in Algorithms and Architectures},
 series = {SPAA '15},
 year = {2015},
 isbn = {978-1-4503-3588-1},
 location = {Portland, Oregon, USA},
 pages = {101--110},
 numpages = {10},
 acmid = {2755601},
 publisher = {ACM},
 address = {New York, NY, USA},
 keywords = {algorithms, dynamic race detection, structured parallelism,, theory, two-dimensional lattices},
} 

@article{Huang:2016:PMR:3022671.2984024,
 author = {Huang, Jeff and Rajagopalan, Arun K.},
 title = {Precise and Maximal Race Detection from Incomplete Traces},
 journal = {SIGPLAN Not.},
 issue_date = {October 2016},
 volume = {51},
 number = {10},
 month = oct,
 year = {2016},
 pages = {462--476},
 numpages = {15},
 acmid = {2984024},
 publisher = {ACM},
 address = {New York, NY, USA},
 keywords = {Data Race, Incomplete Trace, Maximal-Causality, Precise},
} 

@article{Kini:2017:DRP:3140587.3062374,
 author = {Kini, Dileep and Mathur, Umang and Viswanathan, Mahesh},
 title = {Dynamic Race Prediction in Linear Time},
 journal = {SIGPLAN Not.},
 issue_date = {June 2017},
 doi = {10.1145/3062341.3062374},
 volume = {52},
 number = {6},
 month = jun,
 year = {2017},
 pages = {157--170},
 publisher = {ACM},
 keywords = {Concurrency, Online Algorithm, Race Prediction},
}

@article{Biswas:2015:VES:2858965.2814292,
 author = {Biswas, Swarnendu and Zhang, Minjia and Bond, Michael D. and Lucia, Brandon},
 title = {Valor: Efficient, Software-only Region Conflict Exceptions},
 journal = {SIGPLAN Not.},
 issue_date = {October 2015},
 volume = {50},
 number = {10},
 month = oct,
 year = {2015},
 issn = {0362-1340},
 pages = {241--259},
 numpages = {19},
 url = {http://doi.acm.org/10.1145/2858965.2814292},
 doi = {10.1145/2858965.2814292},
 acmid = {2814292},
 publisher = {ACM},
 address = {New York, NY, USA},
 keywords = {conflict exceptions, data races, dynamic analysis, region serializability},
}

@article{Qadeer:2012:RVC:3115971.3116166,
 author = {Qadeer, Shaz and Tasiran, Serdar},
 title = {Runtime Verification of Concurrency-specific Correctness Criteria},
 journal = {Int. J. Softw. Tools Technol. Transf.},
 issue_date = {June      2012},
 volume = {14},
 number = {3},
 month = jun,
 year = {2012},
 issn = {1433-2779},
 pages = {291--305},
 numpages = {15},
 url = {https://doi.org/10.1007/s10009-011-0210-1},
 doi = {10.1007/s10009-011-0210-1},
 acmid = {3116166},
 publisher = {Springer},
 keywords = {Atomicity, Concurrency, Correctness criteria, Coverage, Refinement, Runtime verification},
}

@article{Smaragdakis:2012:SPR:2103621.2103702,
 author = {Smaragdakis, Yannis and Evans, Jacob and Sadowski, Caitlin and Yi, Jaeheon and Flanagan, Cormac},
 title = {Sound Predictive Race Detection in Polynomial Time},
 journal = {SIGPLAN Not.},
 doi = {10.1145/2103656.2103702},
 issue_date = {January 2012},
 volume = {47},
 number = {1},
 month = jan,
 year = {2012},
 issn = {0362-1340},
 pages = {387--400},
 publisher = {ACM},
 address = {New York, NY, USA},
 keywords = {dynamic analysis, happens-before, race detection},
}



@inproceedings{DBLP:conf/rv/SerbanutaCR12,
  author    = {Traian{-}Florin Serbanuta and
               Feng Chen and
               Grigore Rosu},
  title     = {Maximal Causal Models for Sequentially Consistent Systems},
  booktitle = {Poc.\ of RV'12},
  doi = {10.1007/978-3-642-35632-2_16},
  pages     = {136--150},
  year      = {2012},
  series    = {LNCS},
  volume    = {7687},
  publisher = {Springer}
}

@inproceedings{Wang:2009:SPA:1693345.1693367,
 author = {Wang, Chao and Kundu, Sudipta and Ganai, Malay and Gupta, Aarti},
 title = {Symbolic Predictive Analysis for Concurrent Programs},
 booktitle = {Proc.\ of FM'09},
 year = {2009},
 pages = {256--272},
 publisher = {Springer},
} 

@article{Huang:2014:MSP:2666356.2594315,
 author = {Huang, Jeff and Meredith, Patrick O'Neil and Rosu, Grigore},
 title = {Maximal Sound Predictive Race Detection with Control Flow Abstraction},
 journal = {SIGPLAN Not.},
 issue_date = {June 2014},
 doi = {10.1145/2666356.2594315},
 volume = {49},
 number = {6},
 month = jun,
 year = {2014},
 issn = {0362-1340},
 pages = {337--348},
 publisher = {ACM},
 keywords = {control flow, data race, maximal sound, prediction},
}


@inproceedings{Chandy:1982:DAD:800220.806693,
 author = {Chandy, K. M. and Misra, J.},
 title = {A Distributed Algorithm for Detecting Resource Deadlocks in Distributed Systems},
 booktitle = {Proceedings of the First ACM SIGACT-SIGOPS Symposium on Principles of Distributed Computing},
 series = {PODC '82},
 year = {1982},
 isbn = {0-89791-081-8},
 location = {Ottawa, Canada},
 pages = {157--164},
 numpages = {8},
 url = {http://doi.acm.org/10.1145/800220.806693},
 doi = {10.1145/800220.806693},
 acmid = {806693},
 publisher = {ACM},
 address = {New York, NY, USA},
} 

@inproceedings{Eslamimehr:2014:SSD:2635868.2635918,
 author = {Eslamimehr, Mahdi and Palsberg, Jens},
 title = {Sherlock: Scalable Deadlock Detection for Concurrent Programs},
 booktitle = {Proceedings of the 22Nd ACM SIGSOFT International Symposium on Foundations of Software Engineering},
 series = {FSE 2014},
 year = {2014},
 isbn = {978-1-4503-3056-5},
 location = {Hong Kong, China},
 pages = {353--365},
 numpages = {13},
 url = {http://doi.acm.org/10.1145/2635868.2635918},
 doi = {10.1145/2635868.2635918},
 acmid = {2635918},
 publisher = {ACM},
 address = {New York, NY, USA},
 keywords = {Concurrency, deadlocks},
} 


@inproceedings{Forejt:2014:PPA:2962288.2962307,
 author = {Forejt, Vojt\u{e}ch and Kroening, Daniel and Narayanaswamy, Ganesh and Sharma, Subodh},
 title = {Precise Predictive Analysis for Discovering Communication Deadlocks in MPI Programs},
 booktitle = {Proc.\ of FM'14},
 year = {2014},
 isbn = {978-3-319-06409-3},
 pages = {263--278},
 acmid = {2962307},
 publisher = {Springer},
}


@inproceedings{DBLP:conf/IEEEpact/VoGKSSB11,
  author    = {Anh Vo and
               Ganesh Gopalakrishnan and
               Robert M. Kirby and
               Bronis R. de Supinski and
               Martin Schulz and
               Greg Bronevetsky},
  title     = {Large Scale Verification of {MPI} Programs Using Lamport Clocks with
               Lazy Update},
  booktitle = {Proc.\ of PACT'11},
  pages     = {330--339},
  year      = {2011},
  publisher = {{IEEE} Computer Society}
}



@phdthesis{YuHuang16,
 author = {Yu Huang},
 title = {An Analyzer for Message Passing Programs},
 year = {2016},
 school = {Brigham Young University}, 
 publisher = {Brigham Young University},
} 


@article{Samak:2014:TDD:2692916.2555262,
 author = {Samak, Malavika and Ramanathan, Murali Krishna},
 title = {Trace Driven Dynamic Deadlock Detection and Reproduction},
 journal = {SIGPLAN Not.},
 issue_date = {August 2014},
 volume = {49},
 number = {8},
 month = feb,
 year = {2014},
 issn = {0362-1340},
 pages = {29--42},
 numpages = {14},
 url = {http://doi.acm.org/10.1145/2692916.2555262},
 doi = {10.1145/2692916.2555262},
 acmid = {2555262},
 publisher = {ACM},
 address = {New York, NY, USA},
 keywords = {concurrency, deadlock detection, dynamic analysis},
} 

@phdthesis{DamienZufferey13,
 author = {Damien Zufferey},
 title = {Analysis of Dynamic Message Passing Programs},
 year = {2013},
 publisher = {IST Austria},
}

@phdthesis{EmanueleDOsualdo15,
 title = {Verification of Message Passing Concurrent Systems},
 author = {Emanuele D’Osualdo},
 year = {2015},
 publisher = {Oxford University},
}


@inproceedings{Bhansali:2006:FIT:1134760.1220164,
 author = {Bhansali, Sanjay and Chen, Wen-Ke and de Jong, Stuart and Edwards, Andrew and Murray, Ron and Drini\'{c}, Milenko and Miho\v{c}ka, Darek and Chau, Joe},
 title = {Framework for Instruction-level Tracing and Analysis of Program Executions},
 booktitle = {Proc.\ of VEE '06},
 year = {2006},
 location = {Ottawa, Ontario, Canada},
 pages = {154--163},
 url = {http://doi.acm.org/10.1145/1134760.1220164},
 acmid = {1220164},
 publisher = {ACM},
 address = {New York, NY, USA},
 keywords = {callback, code emulation, code replay, time-travel debugging, tracing},
}

@inproceedings{Joshi:2010:EDA:1882291.1882339,
 author = {Joshi, Pallavi and Naik, Mayur and Sen, Koushik and Gay, David},
 title = {An Effective Dynamic Analysis for Detecting Generalized Deadlocks},
 booktitle = {Proc.\ of  FSE '10},
 year = {2010},
 isbn = {978-1-60558-791-2},
 location = {Santa Fe, New Mexico, USA},
 pages = {327--336},
 numpages = {10},
 url = {http://doi.acm.org/10.1145/1882291.1882339},
 doi = {10.1145/1882291.1882339},
 acmid = {1882339},
 publisher = {ACM},
 address = {New York, NY, USA},
 keywords = {concurrency, deadlock detection, dynamic program analysis},
} 


@article{Narayanasamy:2007:ACB:1273442.1250738,
 author = {Narayanasamy, Satish and Wang, Zhenghao and Tigani, Jordan and Edwards, Andrew and Calder, Brad},
 title = {Automatically Classifying Benign and Harmful Data Races Using Replay Analysis},
 journal = {SIGPLAN Not.},
 issue_date = {June 2007},
 volume = {42},
 number = {6},
 month = jun,
 year = {2007},
 issn = {0362-1340},
 pages = {22--31},
 numpages = {10},
 url = {http://doi.acm.org/10.1145/1273442.1250738},
 doi = {10.1145/1273442.1250738},
 acmid = {1250738},
 publisher = {ACM},
 address = {New York, NY, USA},
 keywords = {benign data races, concurrency Bbugs, replay},
}



@book{Reppy:1999:CPM:317040,
 author = {Reppy, John H.},
 title = {Concurrent Programming in {ML}},
 year = {1999},
 isbn = {0-521-48089-2},
 publisher = {Cambridge University Press},
 address = {New York, NY, USA},
}

@article{Flanagan:2005:DPR:1047659.1040315,
 author = {Flanagan, Cormac and Godefroid, Patrice},
 title = {Dynamic Partial-order Reduction for Model Checking Software},
 journal = {SIGPLAN Not.},
 issue_date = {January 2005},
 volume = {40},
 number = {1},
 month = jan,
 year = {2005},
 issn = {0362-1340},
 pages = {110--121},
 numpages = {12},
 url = {http://doi.acm.org/10.1145/1047659.1040315},
 doi = {10.1145/1047659.1040315},
 acmid = {1040315},
 publisher = {ACM},
 address = {New York, NY, USA},
 keywords = {partial-order reduction, software model checking},
} 

@inproceedings{Cordemans:2015:DTA:2804322.2804327,
 author = {Cordemans, Piet and Steegmans, Eric and Boydens, Jeroen},
 title = {Deterministically Testing Actor-based Concurrent Software},
 booktitle = {Proceedings of the 6th International Workshop on Automating Test Case Design, Selection and Evaluation},
 series = {A-TEST 2015},
 year = {2015},
 isbn = {978-1-4503-3813-4},
 location = {Bergamo, Italy},
 pages = {26--30},
 numpages = {5},
 url = {http://doi.acm.org/10.1145/2804322.2804327},
 doi = {10.1145/2804322.2804327},
 acmid = {2804327},
 publisher = {ACM},
 address = {New York, NY, USA},
 keywords = {Actor Model, Concurrent Software, Deterministic Testing},
} 

@inproceedings{Tasharofi:2013:BCA:3107656.3107674,
 author = {Tasharofi, Samira and Pradel, Michael and Lin, Yu and Johnson, Ralph},
 title = {Bita: Coverage-guided, Automatic Testing of Actor Programs},
 booktitle = {Proceedings of the 28th IEEE/ACM International Conference on Automated Software Engineering},
 series = {ASE'13},
 year = {2013},
 isbn = {978-1-4799-0215-6},
 location = {Silicon Valley, CA, USA},
 pages = {114--124},
 publisher = {IEEE Press},
 address = {Piscataway, NJ, USA},
} 



@inproceedings{DBLP:conf/cc/AlbertGI16,
  author    = {Elvira Albert and
               Miguel G{\'{o}}mez{-}Zamalloa and
               Miguel Isabel},
  title     = {{SYCO:} a systematic testing tool for concurrent objects},
  booktitle = {Proc.\ of CC'16},
  pages     = {269--270},
  year      = {2016},
  publisher = {{ACM}}
}

@inproceedings{DBLP:conf/icst/ChristakisGS13,
  author    = {Maria Christakis and
               Alkis Gotovos and
               Konstantinos Sagonas},
  title     = {Systematic Testing for Detecting Concurrency Errors in Erlang Programs},
  booktitle = {Proc.\ of ICST'13},
  pages     = {154--163},
  year      = {2013},
  publisher = {{IEEE} Computer Society}
}

@book{Agha:1986:AMC:7929,
 author = {Agha, Gul},
 title = {Actors: A Model of Concurrent Computation in Distributed Systems},
 year = {1986},
 isbn = {0-262-01092-5},
 publisher = {MIT Press},
 address = {Cambridge, MA, USA},
} 

@techreport{Forum:1994:MMI:898758,
 author = {Forum, Message P},
 title = {MPI: A Message-Passing Interface Standard},
 year = {1994},
 source = {http://www.ncstrl.org:8900/ncstrl/servlet/search?formname=detail\&id=oai%3Ancstrlh%3Autk_cs%3Ancstrl.utk_cs%2F%2FUT-CS-94-230},
 publisher = {University of Tennessee},
 address = {Knoxville, TN, USA},
} 


@inproceedings{Kiczales:2001:OA:646158.680006,
 author = {Kiczales, Gregor and Hilsdale, Erik and Hugunin, Jim and Kersten, Mik and Palm, Jeffrey and Griswold, William G.},
 title = {An Overview of AspectJ},
 booktitle = {Proc.\ of ECOOP'01},
 year = {2001},
 pages = {327--353},
 publisher = {Springer},
} 


@article{DBLP:journals/sttt/SenRA06,
  author    = {Koushik Sen and
               Grigore Rosu and
               Gul Agha},
  title     = {Online efficient predictive safety analysis of multithreaded programs},
  journal   = {{STTT}},
  volume    = {8},
  number    = {3},
  pages     = {248--260},
  year      = {2006},
  timestamp = {Thu, 18 May 2017 09:53:11 +0200},
  biburl    = {https://dblp.org/rec/bib/journals/sttt/SenRA06},
  bibsource = {dblp computer science bibliography, https://dblp.org}
}

@misc{rvpredict,
      key = {rvpredict},
      title =  {{RV-Predict,  Runtime  Verification}},
      howpublished = {https://runtimeverification.com/predict/}
      }


@misc{javajikes,
    key = {jikes},
    title = "{Jikes RVM}",
    howpublished = {https://www.jikesrvm.org/}
}

@misc{data-race-test,
    key = {data-race-test},
	author={Serebryany, Konstantin and Iskhodzhanov, Timur},
    title = "{data-race-test}",
    howpublished = {https://code.google.com/archive/p/data-race-test}
}

@book{Armstrong:2013:PES:2566708,
 author = {Armstrong, Joe},
 title = {Programming Erlang: Software for a Concurrent World},
 year = {2013},
 isbn = {193778553X, 9781937785536},
 publisher = {Pragmatic Bookshelf},
} 




@inproceedings{DBLP:conf/rv/ColomboFG11,
  author    = {Christian Colombo and
               Adrian Francalanza and
               Rudolph Gatt},
  title     = {Elarva: {A} Monitoring Tool for Erlang},
  booktitle = {Proc.\ of RV'11},
  pages     = {370--374},
  year      = {2011},
  series    = {LNCS},
  volume    = {7186},
  publisher = {Springer}
}



@inproceedings{DBLP:conf/rv/CassarFAAI17,
  author    = {Ian Cassar and
               Adrian Francalanza and
               Duncan Paul Attard and
               Luca Aceto and
               Anna Ing{\'{o}}lfsd{\'{o}}ttir},
  title     = {A Suite of Monitoring Tools for Erlang},
  booktitle = {Proc.\ of RV-CuBES'17},
  pages     = {41--47},
  year      = {2017},
  series    = {Kalpa Publications in Computing},
  volume    = {3},
  publisher = {EasyChair}
}

@inproceedings{Huang:2015:GGP:2818754.2818856,
 author = {Huang, Jeff and Luo, Qingzhou and Rosu, Grigore},
 title = {GPredict: Generic Predictive Concurrency Analysis},
 booktitle = {Proc.\ of ICSE '15},
 year = {2015},
 pages = {847--857},
 acmid = {2818856},
 publisher = {IEEE Press}
} 




@inproceedings{DBLP:conf/aplas/StadtmullerST16,
  author    = {Kai Stadtm{\"{u}}ller and
               Martin Sulzmann and
               Peter Thiemann},
  title     = {Static Trace-Based Deadlock Analysis for Synchronous Mini-Go},
  booktitle = {Proc.\ of APLAS'16},
  pages     = {116--136},
  year      = {2016},
  series    = {LNCS},
  volume    = {10017}
}




@inproceedings{DBLP:conf/cc/NgY16,
  author    = {Nicholas Ng and
               Nobuko Yoshida},
  title     = {Static deadlock detection for concurrent go by global session graph
               synthesis},
  booktitle = {Proc.\ of CC'16},
  pages     = {174--184},
  year      = {2016},
  publisher = {{ACM}}
}



@inproceedings{DBLP:conf/popl/LangeNTY17,
  author    = {Julien Lange and
               Nicholas Ng and
               Bernardo Toninho and
               Nobuko Yoshida},
  title     = {Fencing off go: liveness and safety for channel-based programming},
  booktitle = {Proc.\ of POPL'17},
  pages     = {748--761},
  year      = {2017},
  publisher = {{ACM}}
}


@inproceedings{Lange:2018:SVF:3180155.3180157,
 author = {Lange, Julien and Ng, Nicholas and Toninho, Bernardo and Yoshida, Nobuko},
 title = {A Static Verification Framework for Message Passing in Go Using Behavioural Types},
 booktitle = {Proc.\ of ICSE '18},
 year = {2018},
 pages = {1137--1148},
 publisher = {ACM}
} 


@misc{gorace,
key = {GoRace},
   year = {2018},
   title = "Data Race Detector",
   howpublished = {https://golang.org/doc/articles/race\_detector.html},
   note = {Accessed: 2018-05-02}
}



@ARTICLE{2018arXiv180703585S,
   author = {{Sulzmann}, M. and {Stadtmueller}, K.},
    title = "{Two-Phase Dynamic Analysis of Message-Passing Go Programs based on Vector Clocks}",
  journal = {ArXiv e-prints},
archivePrefix = "arXiv",
   eprint = {1807.03585},
 primaryClass = "cs.PL",
 keywords = {Computer Science - Programming Languages},
     year = 2018,
    month = jul,
   adsurl = {http://adsabs.harvard.edu/abs/2018arXiv180703585S},
  adsnote = {Provided by the SAO/NASA Astrophysics Data System}
}

@techreport{LuoHuangRosuSystematic15,
  author = {Qingzhou Luo and Jeff Huang and Grigore Rosu},
  title = {Systematic Concurrency Testing with Maximal Causality},
  year = {2015},
  publisher = {University of Illinois Urbana Champaign}
}

@inproceedings{Mazurkiewicz:1987:TT:25542.25553,
 author = {Mazurkiewicz, A},
 title = {Trace Theory},
 booktitle = {Advances in Petri Nets 1986, Part II on Petri Nets: Applications and Relationships to Other Models of Concurrency},
 year = {1987},
 pages = {279--324},
 numpages = {46},
 acmid = {25553},
 publisher = {Springer}
}

@article{kalhauge2018sound,
 author = {Kalhauge, Christian Gram and Palsberg, Jens},
 title = {Sound Deadlock Prediction},
 journal = {Proc. ACM Program. Lang.},
 issue_date = {November 2018},
 volume = {2},
 number = {OOPSLA},
 month = oct,
 year = {2018},
 issn = {2475-1421},
 doi = {10.1145/3276516},
 pages = {146:1--146:29},
 articleno = {146},
 numpages = {29},
 acmid = {3276516},
 publisher = {ACM},
 address = {New York, NY, USA},
 keywords = {Deadlocks, Prediction},
} 

@article{Abdulla:2014:ODP:2578855.2535845,
 author = {Abdulla, Parosh and Aronis, Stavros and Jonsson, Bengt and Sagonas, Konstantinos},
 title = {Optimal Dynamic Partial Order Reduction},
 journal = {SIGPLAN Not.},
 issue_date = {January 2014},
 volume = {49},
 number = {1},
 month = jan,
 year = {2014},
 issn = {0362-1340},
 pages = {373--384},
 numpages = {12},
 url = {http://doi.acm.org/10.1145/2578855.2535845},
 doi = {10.1145/2578855.2535845},
 acmid = {2535845},
 publisher = {ACM},
 address = {New York, NY, USA},
 keywords = {concurrency, dynamic partial oder reduction, software model checking, source sets, systematic testing, wakeup trees},
} 

@article{Mathur:2018:HFR:3288538:3276515,
 author = {Mathur, Umang and Kini, Dileep and Viswanathan, Mahesh},
 title = {What Happens-after the First Race? Enhancing the Predictive Power of Happens-before Based Dynamic Race Detection},
 journal = {Proc. ACM Program. Lang.},
 issue_date = {November 2018},
 volume = {2},
 number = {OOPSLA},
 doi = {10.1145/3276515},
 month = oct,
 year = {2018},
 issn = {2475-1421},
 pages = {145:1--145:29},
 articleno = {145},
 numpages = {29},
 acmid = {3276515},
 publisher = {ACM},
 address = {New York, NY, USA},
 keywords = {Concurrency, Dynamic Program Analysis, Happens-Before, Race Detection, Soundness},
}

@article{Savage:1997:EDD:265924.265927,
 author = {Savage, Stefan and Burrows, Michael and Nelson, Greg and Sobalvarro, Patrick and Anderson, Thomas},
 title = {Eraser: A Dynamic Data Race Detector for Multithreaded Programs},
 journal = {ACM Trans. Comput. Syst.},
 issue_date = {Nov. 1997},
 volume = {15},
 number = {4},
 month = nov,
 year = {1997},
 issn = {0734-2071},
 pages = {391--411},
 numpages = {21},
 url = {http://doi.acm.org/10.1145/265924.265927},
 doi = {10.1145/265924.265927},
 acmid = {265927},
 publisher = {ACM},
 address = {New York, NY, USA},
 keywords = {binary code modification, multithreaded programming, race detection},
} 

@article{Dinning:1991:DAA:127695:122767,
 author = {Dinning, Anne and Schonberg, Edith},
 title = {Detecting Access Anomalies in Programs with Critical Sections},
 journal = {SIGPLAN Not.},
 issue_date = {Dec. 1991},
 doi = {10.1145/127695.122767}, 
 volume = {26},
 number = {12},
 month = dec,
 year = {1991},
 issn = {0362-1340},
 pages = {85--96},
 numpages = {12},
 acmid = {122767},
 publisher = {ACM},
 address = {New York, NY, USA},
} 



@article{Roemer:2018:HUS:3296979.3192385,
 author = {Roemer, Jake and Gen\c{c}, Kaan and Bond, Michael D.},
 title = {High-coverage, Unbounded Sound Predictive Race Detection},
 journal = {SIGPLAN Not.},
 issue_date = {April 2018},
 doi = {10.1145/3192366.3192385},
 volume = {53},
 number = {4},
 month = jun,
 year = {2018},
 issn = {0362-1340},
 pages = {374--389},
 numpages = {16},
 acmid = {3192385},
 publisher = {ACM},
 address = {New York, NY, USA},
 keywords = {Data race detection, dynamic predictive analysis},
} 


@article{Pozniansky:2003:EOD:966049.781529,
 author = {Pozniansky, Eli and Schuster, Assaf},
 title = {Efficient On-the-fly Data Race Detection in Multithreaded C++ Programs},
 journal = {SIGPLAN Not.},
 issue_date = {October 2003},
 volume = {38},
 number = {10},
 month = jun,
 year = {2003},
 issn = {0362-1340},
 pages = {179--190},
 numpages = {12},
 acmid = {781529},
 publisher = {ACM},
 address = {New York, NY, USA},
 keywords = {concurrency, data race, instrumentation, multithreading, synchronization},
} 

@misc{speedygo,
   key = {Go},
   title = "Predicting All data Races for a Specific Trace Schedule More Efficiently",
   howpublished = {https://github.com/KaiSta/gopherlyzer-SpeedyGo}
}

@inproceedings{flanagan2010roadrunner,
  title={The {RoadRunner} dynamic analysis framework for concurrent programs},
  author={Flanagan, Cormac and Freund, Stephen N},
  booktitle={Proc.\ of PASTE'10},
  pages={1--8},
  year={2010},
  organization={ACM}
}

@inproceedings{serebryany2009threadsanitizer,
  title={ThreadSanitizer: data race detection in practice},
  author={Serebryany, Konstantin and Iskhodzhanov, Timur},
  booktitle={Proc.\ of WBIA ’09},
  doi = {10.1145/1791194.1791203},
  publisher = {ACM},
  address = {New York, NY, USA},
  pages={62--71},
  year={2009}
}

@article{xie2013acculock,
  title={Acculock: Accurate and efficient detection of data races},
  author={Xie, Xinwei and Xue, Jingling and Zhang, Jie},
  journal={Software: Practice and Experience},
  volume={43},
  doi = {10.1109/CGO.2011.5764688},
  number={5},
  pages={543--576},
  year={2013},
  publisher={Wiley Online Library}
}

@inproceedings{lu2008learning,
  title={Learning from mistakes: a comprehensive study on real world concurrency bug characteristics},
  author={Lu, Shan and Park, Soyeon and Seo, Eunsoo and Zhou, Yuanyuan},
  booktitle={ACM SIGARCH Computer Architecture News},
  volume={36},
  number={1},
  pages={329--339},
  year={2008},
  organization={ACM}
}

@inproceedings{serebryany2011dynamic,
  title={Dynamic race detection with LLVM compiler},
  author={Serebryany, Konstantin and Potapenko, Alexander and Iskhodzhanov, Timur and Vyukov, Dmitriy},
  booktitle={International Conference on Runtime Verification},
  pages={110--114},
  year={2011},
  organization={Springer}
}

@inproceedings{marino2009literace,
  title={LiteRace: effective sampling for lightweight data-race detection},
  author={Marino, Daniel and Musuvathi, Madanlal and Narayanasamy, Satish},
  booktitle={ACM Sigplan notices},
  volume={44},
  number={6},
  pages={134--143},
  year={2009},
  organization={ACM}
}

@inproceedings{jannesari2011dynamic,
  title={Dynamic data race detection for correlated variables},
  author={Jannesari, Ali and Westphal-Furuya, Markus and Tichy, Walter F},
  booktitle={International Conference on Algorithms and Architectures for Parallel Processing},
  pages={14--26},
  year={2011},
  organization={Springer}
}

@inproceedings{banerjee2006theory,
  title={A theory of data race detection},
  author={Banerjee, Utpal and Bliss, Brian and Ma, Zhiqiang and Petersen, Paul},
  booktitle={Proceedings of the 2006 workshop on Parallel and distributed systems: testing and debugging},
  pages={69--78},
  year={2006},
  organization={ACM}
}

@inproceedings{Blackburn:2006:DBJ:1167473.1167488,
 author = {Blackburn, Stephen M. and Garner, Robin and Hoffmann, Chris and Khang, Asjad M. and McKinley, Kathryn S. and Bentzur, Rotem and Diwan, Amer and Feinberg, Daniel and Frampton, Daniel and Guyer, Samuel Z. and Hirzel, Martin and Hosking, Antony and Jump, Maria and Lee, Han and Moss, J. Eliot B. and Phansalkar, Aashish and Stefanovi\'{c}, Darko and VanDrunen, Thomas and von Dincklage, Daniel and Wiedermann, Ben},
 title = {The {DaCapo} Benchmarks: Java Benchmarking Development and Analysis},
 booktitle = {Proc.\ of OOPSLA '06},
 year = {2006},
 doi = {10.1145/1167515.1167488},
 pages = {169--190},
 publisher = {ACM},
 keywords = {DaCapo, Java, SPEC, benchmark, methodology},
} 

@inproceedings{smith2001parallel,
  title={A Parallel {Java} Grande Benchmark Suite},
  author={Smith, Lorna A and Bull, J Mark and Obdrizalek, J},
  booktitle={Proc.\ of SC'01},
  doi = {10.1145/582034.582042},
  pages={8--8},
  year={2001},
  organization={IEEE}
}

@inproceedings{farchi2003concurrent,
  title={Concurrent bug patterns and how to test them},
  author={Farchi, Eitan and Nir, Yarden and Ur, Shmuel},
  booktitle={Proceedings International Parallel and Distributed Processing Symposium},
  doi = {10.1109/IPDPS.2003.1213511},
  pages={7--pp},
  year={2003},
  organization={IEEE}
}


@inproceedings{Sadowski:2014:DUD:2688204.2688205,
 author = {Sadowski, Caitlin and Yi, Jaeheon},
 title = {How Developers Use Data Race Detection Tools},
 booktitle = {Proc.\ of PLATEAU '14},
 year = {2014},
 isbn = {978-1-4503-2277-5},
 location = {Portland, Oregon, USA},
 pages = {43--51},
 numpages = {9},
 url = {http://doi.acm.org/10.1145/2688204.2688205},
 doi = {10.1145/2688204.2688205},
 acmid = {2688205},
 publisher = {ACM},
 address = {New York, NY, USA},
 keywords = {data race detection, dynamic analysis, type systems},
}



@inproceedings{DBLP:conf/icse/ShengVEHCZ11,
  author    = {Tianwei Sheng and
               Neil Vachharajani and
               St{\'{e}}phane Eranian and
               Robert Hundt and
               Wenguang Chen and
               Weimin Zheng},
  title     = {{RACEZ:} a lightweight and non-invasive race detection tool for production
               applications},
  booktitle = {Proc.\ of {ICSE}'11},
  pages     = {401--410},
  year      = {2011},
  publisher = {{ACM}}
}

@mastersthesis{YuDuan16,
 title = {Event trace and data race visualization},
 author = {Duan, Yu},
 year = {2016},
 school = {Eindhoven University of Technology},
 publisher = {Eindhoven University of Technology},
}

@inproceedings{biswas2017lightweight,
  title={Lightweight data race detection for production runs},
  author={Biswas, Swarnendu and Cao, Man and Zhang, Minjia and Bond, Michael D and Wood, Benjamin P},
  booktitle={Proc.\ of CC'17},
  pages={11--21},
  year={2017},
  organization={ACM}
}

@inproceedings{burckhardt2010effective,
  title={Effective Data-Race Detection for the Kernel},
  author={Burckhardt, John Erickson Madanlal Musuvathi Sebastian and Olynyk, Kirk},
  year={2010},
  organization={USENIX}
}

@inproceedings{cai2016deployable,
  title={A deployable sampling strategy for data race detection},
  author={Cai, Yan and Zhang, Jian and Cao, Lingwei and Liu, Jian},
  booktitle={Proceedings of the 2016 24th ACM SIGSOFT International Symposium on Foundations of Software Engineering},
  pages={810--821},
  year={2016},
  organization={ACM}
}

@article{bruneton2002asm,
  title={{ASM}: a code manipulation tool to implement adaptable systems},
  author={Bruneton, Eric and Lenglet, Romain and Coupaye, Thierry},
  journal={Adaptable and extensible component systems},
  volume={30},
  number={19},
  year={2002}
}

@article{adve1991detecting,
  title={Detecting data races on weak memory systems},
  author={Adve, Sarita V and Hill, Mark D and Miller, Barton P and Netzer, Robert HB},
  journal={ACM SIGARCH Computer Architecture News},
  volume={19},
  number={3},
  pages={234--243},
  year={1991},
  publisher={ACM}
}

@inproceedings{yang2004memory,
  title={Memory-model-sensitive data race analysis},
  author={Yang, Yue and Gopalakrishnan, Ganesh and Lindstrom, Gary},
  booktitle={International Conference on Formal Engineering Methods},
  pages={30--45},
  year={2004},
  organization={Springer}
}

@inproceedings{adve2009memory,
  title={Memory models: a case for rethinking parallel languages and hardware.},
  author={Adve, Sarita V and Boehm, Hans-Juergen},
  booktitle={SPAA},
  pages={45},
  year={2009}
}

@inproceedings{sen2005detecting,
  title={Detecting errors in multithreaded programs by generalized predictive analysis of executions},
  author={Sen, Koushik and Ro{\c{s}}u, Grigore and Agha, Gul},
  booktitle={International Conference on Formal Methods for Open Object-Based Distributed Systems},
  pages={211--226},
  year={2005},
  organization={Springer}
}

@inproceedings{cserbuanuctua2012maximal,
  title={Maximal causal models for sequentially consistent systems},
  author={{\c{S}}erb{\u{a}}nu{\c{t}}{\u{a}}, Traian Florin and Chen, Feng and Ro{\c{s}}u, Grigore},
  booktitle={International Conference on Runtime Verification},
  pages={136--150},
  year={2012},
  organization={Springer}
}

@article{Wilcox:2018:VEF:3200691.3178514,
 author = {Wilcox, James R. and Flanagan, Cormac and Freund, Stephen N.},
 title = {{VerifiedFT}: A Verified, High-performance Precise Dynamic Race Detector},
 journal = {SIGPLAN Not.},
 issue_date = {January 2018},
 volume = {53},
 number = {1},
 month = feb,
 year = {2018},
 issn = {0362-1340},
 pages = {354--367},
 numpages = {14},
 acmid = {3178514},
 publisher = {ACM},
 address = {New York, NY, USA},
 keywords = {concurrency, data races, dynamic analysis},
}

@article{Adve:1996:SMC:619013.620590,
 author = {Adve, Sarita V. and Gharachorloo, Kourosh},
 title = {Shared Memory Consistency Models: A Tutorial},
 journal = {Computer},
 issue_date = {December 1996},
 volume = {29},
 number = {12},
 month = dec,
 year = {1996},
 issn = {0018-9162},
 pages = {66--76},
 numpages = {11},
 acmid = {620590},
 doi = {10.1109/2.546611},
 publisher = {IEEE Computer Society Press},
 address = {Los Alamitos, CA, USA},
} 

@article{DBLP:journals/pacmpl/WoodCBG17,
  author    = {Benjamin P. Wood and
               Man Cao and
               Michael D. Bond and
               Dan Grossman},
  title     = {Instrumentation bias for dynamic data race detection},
  journal   = {{PACMPL}},
  volume    = {1},
  number    = {{OOPSLA}},
  pages     = {69:1--69:31},
  year      = {2017},
  timestamp = {Tue, 06 Nov 2018 12:51:05 +0100},
  biburl    = {https://dblp.org/rec/bib/journals/pacmpl/WoodCBG17},
  bibsource = {dblp computer science bibliography, https://dblp.org}
}

@inproceedings{Kini:2018:DRD:3236024.3236025,
 author = {Kini, Dileep and Mathur, Umang and Viswanathan, Mahesh},
 title = {Data Race Detection on Compressed Traces},
 booktitle = {Proc.\ of ESEC/FSE'18},
 year = {2018},
 isbn = {978-1-4503-5573-5},
 location = {Lake Buena Vista, FL, USA},
 pages = {26--37},
 numpages = {12},
 url = {http://doi.acm.org/10.1145/3236024.3236025},
 doi = {10.1145/3236024.3236025},
 acmid = {3236025},
 publisher = {ACM},
 address = {New York, NY, USA},
 keywords = {Compression, Dynamic Program Analysis, Race Detection},
} 

@article{Cao:2017:HRD:3134419.3108138,
 author = {Cao, Man and Zhang, Minjia and Sengupta, Aritra and Biswas, Swarnendu and Bond, Michael D.},
 title = {Hybridizing and Relaxing Dependence Tracking for Efficient Parallel Runtime Support},
 journal = {ACM Trans. Parallel Comput.},
 issue_date = {October 2017},
 volume = {4},
 number = {2},
 month = aug,
 year = {2017},
 issn = {2329-4949},
 pages = {9:1--9:42},
 articleno = {9},
 numpages = {42},
 acmid = {3108138},
 publisher = {ACM},
 address = {New York, NY, USA},
 keywords = {Dynamic analysis, concurrency correctness, data races, dependence tracking, runtime support for parallelism, synchronization},
} 


@inproceedings{Wang:2011:PCF:2341616.2341619,
 author = {Wang, Chao and Ganai, Malay},
 title = {Predicting Concurrency Failures in the Generalized Execution Traces of x86 Executables},
 booktitle = {Proc.\ of RV'11},
 year = {2012},
 pages = {4--18},
 numpages = {15},
 acmid = {2341619},
 publisher = {Springer}
} 

@inproceedings{Said:2011:GDR:1986308.1986334,
 author = {Said, Mahmoud and Wang, Chao and Yang, Zijiang and Sakallah, Karem},
 title = {Generating Data Race Witnesses by an SMT-based Analysis},
 booktitle = {Proc.\ of NFM'11},
 year = {2011},
 pages = {313--327},
 publisher = {Springer}

} 


@misc{andrea-rosa-at-mpl19,
  author = "Andrea, Rosa and Marek, Luk{\'a}{\v{s}}",
  date = "2019-10",
  howpublished = "personal communication"
}

@InProceedings{10.1007/978-3-642-35182-2_18,
author="Marek, Luk{\'a}{\v{s}}
and Zheng, Yudi
and Ansaloni, Danilo
and Sarimbekov, Aibek
and Binder, Walter
and T{\r{u}}ma, Petr
and Qi, Zhengwei",
title="Java Bytecode Instrumentation Made Easy: The {DiSL} Framework for Dynamic Program Analysis",
booktitle="Proc.\ of APLAS'12",
year="2012",
publisher="Springer",
pages="256--263"
}

@inproceedings{huang2017s,
  title={What is the Optimal Performance of Precise Dynamic Race Detection?--A Redundancy Perspective},
  author={Huang, Jeff and Rajagopalan, Arun K},
  booktitle={31st European Conference on Object-Oriented Programming (ECOOP 2017)},
  year={2017},
  organization={Schloss Dagstuhl-Leibniz-Zentrum fuer Informatik}
}

@article{yu2017experimental,
  title={Experimental performance comparison of dynamic data race detection techniques},
  author={Yu, Misun and Park, Seung-Min and Chun, Ingeol and Bae, Doo-Hwan},
  journal={ETRI Journal},
  volume={39},
  number={1},
  doi = {10.4218/etrij.17.0115.1027},
  pages={124--134},
  year={2017},
  publisher={Wiley Online Library}
}

@inproceedings{liao2017dataracebench,
  title={DataRaceBench: a benchmark suite for systematic evaluation of data race detection tools},
  author={Liao, Chunhua and Lin, Pei-Hung and Asplund, Joshua and Schordan, Markus and Karlin, Ian},
  booktitle={Proceedings of the International Conference for High Performance Computing, Networking, Storage and Analysis},
  doi = {10.1145/3126908.3126958},
  pages={11},
  year={2017},
  organization={ACM}
}

@inproceedings{lin2018runtime,
  title={Runtime and memory evaluation of data race detection tools},
  author={Lin, Pei-Hung and Liao, Chunhua and Schordan, Markus and Karlin, Ian},
  booktitle={International Symposium on Leveraging Applications of Formal Methods},
  doi = {10.1007/978-3-030-03421-4_13},
  pages={179--196},
  year={2018},
  organization={Springer}
}

@inproceedings{alowibdi2013empirical,
  title={An empirical study of data race detector tools},
  author={Alowibdi, Jalal S and Stenneth, Leon},
  booktitle={2013 25th Chinese Control and Decision Conference (CCDC)},
  doi = {10.1109/CCDC.2013.6561640},
  pages={3951--3955},
  year={2013},
  organization={IEEE}
}

@article{yu2017evaluation,
  title={Evaluation and comparison of ten data race detection techniques},
  author={Yu, Zhen and Yang, Zhen and Su, Xiaohong and Ma, Peijun},
  journal={International Journal of High Performance Computing and Networking},
  volume={10},
  number={4-5},
  doi = {10.1504/IJHPCN.2017.086532},
  pages={279--288},
  year={2017},
  publisher={Inderscience Publishers (IEL)}
}


@inproceedings{Andreas:Pavlogiannis:popl20,
  author    = {Andreas Pavlogiannis},
  title     = {Fast, Sound and Effectively Complete Dynamic Race Prediction},
  booktitle = {Proc.\ of POPL'20},
  year = {2020},
  note = "To appear"
}



@article{yu2016simplelock+,
  title={SimpleLock+: fast and accurate hybrid data race detection},
  author={Yu, Misun and Bae, Doo-Hwan},
  journal={The Computer Journal},
  volume={59},
  number={6},
  doi = {10.1109/PDCAT.2013.15},
  pages={793--809},
  year={2016},
  publisher={Oxford University Press}
}

@article{netzer1992race,
  title={What are race conditions?: Some issues and formalizations},
  author={Netzer, Robert HB and Miller, Barton P},
  journal={ACM Letters on Programming Languages and Systems (LOPLAS)},
  volume={1},
  number={1},
  pages={74--88},
  year={1992},
  publisher={ACM}
}

@inproceedings{yoshiura2014static,
  title={Static data race detection for java programs with dynamic class loading},
  author={Yoshiura, Noriaki and Wei, Wei},
  booktitle={International Conference on Internet and Distributed Computing Systems},
  pages={161--173},
  year={2014},
  organization={Springer}
}

@inproceedings{sadowski2014developers,
  title={How developers use data race detection tools},
  author={Sadowski, Caitlin and Yi, Jaeheon},
  booktitle={Proceedings of the 5th Workshop on Evaluation and Usability of Programming Languages and Tools},
  pages={43--51},
  year={2014},
  organization={ACM}
}

@inproceedings{kahlon2009static,
  title={Static data race detection for concurrent programs with asynchronous calls},
  author={Kahlon, Vineet and Sinha, Nishant and Kruus, Erik and Zhang, Yun},
  booktitle={Proceedings of the the 7th joint meeting of the European software engineering conference and the ACM SIGSOFT symposium on The foundations of software engineering},
  pages={13--22},
  year={2009},
  organization={ACM}
}

@article{sulzmann2019predicting,
  title={Predicting All Data Race Pairs for a Specific Schedule (extended version)},
  author={Sulzmann, Martin and Stadtm{\"u}ller, Kai},
  journal={arXiv preprint arXiv:1909.03289},
  year={2019}
}

@article{pavlogiannis2019fast,
  title={Fast, Sound and Effectively Complete Dynamic Race Detection},
  author={Pavlogiannis, Andreas},
  journal={arXiv preprint arXiv:1901.08857},
  year={2019}
}
@article{roemer2019practical,
  title={Practical Predictive Race Detection},
  author={Roemer, Jake and Gen{\c{c}}, Kaan and Bond, Michael D},
  journal={arXiv preprint arXiv:1905.00494},
  year={2019}
}


@article{Dimitrov:2014:CRD:2666356.2594322,
 author = {Dimitrov, Dimitar and Raychev, Veselin and Vechev, Martin and Koskinen, Eric},
 title = {Commutativity Race Detection},
 journal = {SIGPLAN Not.},
 issue_date = {June 2014},
 volume = {49},
 number = {6},
 month = jun,
 year = {2014},
 issn = {0362-1340},
 pages = {305--315},
 numpages = {11},
 acmid = {2594322},
 publisher = {ACM},
 address = {New York, NY, USA},
} 

@inproceedings{flanagan2010adversarial,
  title={Adversarial memory for detecting destructive races},
  author={Flanagan, Cormac and Freund, Stephen N},
  booktitle={Proc.\ of PLDI'10},
  pages={244--254},
  year={2010},
  organization={ACM}
}

@inproceedings{zhai2012carisma,
  title={CARISMA: a context-sensitive approach to race-condition sample-instance selection for multithreaded applications},
  author={Zhai, Ke and Xu, Boni and Chan, WK and Tse, TH},
  booktitle={Proceedings of the 2012 International Symposium on Software Testing and Analysis},
  pages={221--231},
  year={2012},
  organization={ACM}
}

@article{elmas2010goldilocks,
  title={Goldilocks: a race-aware Java runtime},
  author={Elmas, Tayfun and Qadeer, Shaz and Tasiran, Serdar},
  journal={Communications of the ACM},
  volume={53},
  number={11},
  pages={85--92},
  year={2010},
  publisher={ACM}
}

@inproceedings{10.1145/2983990.2984025,
 author = {Huang, Shiyou and Huang, Jeff},
 title = {Maximal Causality Reduction for TSO and PSO},
 year = {2016},
 isbn = {9781450344449},
 publisher = {ACM},
 booktitle = {Proc.\ of OOPSLA'16},
 pages = {447–461},
 numpages = {15}
}

@article{10.1145/3093333.3009857,
 author = {Lidbury, Christopher and Donaldson, Alastair F.},
 title = {Dynamic Race Detection for C++11},
 year = {2017},
 issue_date = {May 2017},
 publisher = {Association for Computing Machinery},
 address = {New York, NY, USA},
 volume = {52},
 number = {1},
 issn = {0362-1340},
 url = {https://doi.org/10.1145/3093333.3009857},
 doi = {10.1145/3093333.3009857},
 journal = {SIGPLAN Not.},
 month = jan,
 pages = {443–457},
 numpages = {15},
 keywords = {data races, memory models, C++11, concurrency}
}


@article{10.1145/2734118,
 author = {Kasikci, Baris and Zamfir, Cristian and Candea, George},
 title = {Automated Classification of Data Races Under Both Strong and Weak Memory Models},
 year = {2015},
 issue_date = {June 2015},
 publisher = {Association for Computing Machinery},
 address = {New York, NY, USA},
 volume = {37},
 number = {3},
 issn = {0164-0925},
 url = {https://doi.org/10.1145/2734118},
 doi = {10.1145/2734118},
 journal = {ACM Trans. Program. Lang. Syst.},
 month = may,
 articleno = {Article 8},
 numpages = {44},
 keywords = {symbolic execution, Data races, triage, concurrency}
}

@inproceedings{10.1145/2926697.2926700,
 author = {Cao, Man and Roemer, Jake and Sengupta, Aritra and Bond, Michael D.},
 title = {Prescient Memory: Exposing Weak Memory Model Behavior by Looking into the Future},
 year = {2016},
 isbn = {9781450343176},
 publisher = {ACM},
 address = {New York, NY, USA},
 url = {https://doi.org/10.1145/2926697.2926700},
 doi = {10.1145/2926697.2926700},
 booktitle = {Proc.\ of ISMM'16},
 pages = {99–110},
 numpages = {12},
 keywords = {Data races, dynamic program analysis, relaxed memory consistency models, Java memory model},
 location = {Santa Barbara, CA, USA},
 series = {ISMM 2016}
}


@inproceedings{10.1145/2737924.2737956,
 author = {Zhang, Naling and Kusano, Markus and Wang, Chao},
 title = {Dynamic Partial Order Reduction for Relaxed Memory Models},
 year = {2015},
 isbn = {9781450334686},
 publisher = {ACM},
 address = {New York, NY, USA},
 url = {https://doi.org/10.1145/2737924.2737956},
 doi = {10.1145/2737924.2737956},
 booktitle = {Proc.\ of PLDI'15},
 pages = {250–259},
 numpages = {10},
 keywords = {relaxed memory model, runtime verification, PSO, TSO, Stateless model checking, partial order reduction, DPOR},
 location = {Portland, OR, USA},
 series = {PLDI ’15}
}




@inproceedings{DBLP:conf/musepat/KelkJB13,
  author    = {David Kelk and
               Kevin Jalbert and
               Jeremy S. Bradbury},
  title     = {Automatically Repairing Concurrency Bugs with {ARC}},
  booktitle = {Proc.\ of {MUSEPAT}'13},
  pages     = {73--84},
  series    = {LNCS},
  volume    = {8063},
  publisher = {Springer},
  year      = {2013}
}

@inproceedings{10.1145/2771783.2771798,
 author = {Khoshnood, Sepideh and Kusano, Markus and Wang, Chao},
 title = {ConcBugAssist: Constraint Solving for Diagnosis and Repair of Concurrency Bugs},
 year = {2015},
 isbn = {9781450336208},
 publisher = {ACM},
 address = {New York, NY, USA},
 url = {https://doi.org/10.1145/2771783.2771798},
 doi = {10.1145/2771783.2771798},
 booktitle = {Proc.\ of ISSTA'15},
 pages = {165–176},
 numpages = {12},
 keywords = {unsatisfiability core, Concurrency, binate covering, error diagnosis, bounded model checking, partial MAX-SAT, program repair},
 location = {Baltimore, MD, USA},
 series = {ISSTA 2015}
}




@inproceedings{DBLP:conf/issta/LetkoVK08,
  author    = {Zdenek Letko and
               Tom{\'{a}}s Vojnar and
               Bohuslav Krena},
  title     = {AtomRace: data race and atomicity violation detector and healer},
  booktitle = {Proc.\ of {PADTAD}'08},
  pages     = {7},
  year      = {2008},
  url       = {https://dl.acm.org/citation.cfm?id=1390848},
  publisher = {{ACM}},
  isbn      = {978-1-60558-052-4},
  timestamp = {Thu, 14 Aug 2008 07:56:35 +0200},
  biburl    = {https://dblp.org/rec/bib/conf/issta/2008p},
  bibsource = {dblp computer science bibliography, https://dblp.org}
}



@inproceedings{DBLP:conf/kbse/KimYS09,
  author    = {KyungHee Kim and
               Tuba Yavuz{-}Kahveci and
               Beverly A. Sanders},
  title     = {Precise Data Race Detection in a Relaxed Memory Model Using Heuristic-Based
               Model Checking},
  booktitle = {Proc.\ of {ASE}'09},
  pages     = {495--499}, 
  year      = {2009},
  url       = {https://doi.org/10.1109/ASE.2009.82},
  doi       = {10.1109/ASE.2009.82},
  timestamp = {Wed, 16 Oct 2019 14:14:55 +0200},
  biburl    = {https://dblp.org/rec/bib/conf/kbse/KimYS09},
  bibsource = {dblp computer science bibliography, https://dblp.org},
  publisher = {{IEEE} Computer Society}
}




@inproceedings{DBLP:conf/pppj/SulzmannS19,
  author    = {Martin Sulzmann and
               Kai Stadtm{\"{u}}ller},
  title     = {Predicting all data race pairs for a specific schedule},
  booktitle = {Proc.\ of {MPLR}'19},
  doi = {10.1145/3357390.3361022},
  pages     = {72--84},
  year      = {2019},
  publisher = {{ACM}},
  address = {New York, NY, USA},
}

@article{kasikci2012data,
  title={Data races vs. data race bugs: telling the difference with portend},
  author={Kasikci, Baris and Zamfir, Cristian and Candea, George},
  journal={ACM SIGPLAN Notices},
  volume={47},
  number={4},
  pages={185--198},
  year={2012},
  publisher={ACM New York, NY, USA}
}

@inproceedings{narayanasamy2007automatically,
  title={Automatically classifying benign and harmful data races using replay analysis},
  author={Narayanasamy, Satish and Wang, Zhenghao and Tigani, Jordan and Edwards, Andrew and Calder, Brad},
  booktitle={Proceedings of the 28th ACM SIGPLAN Conference on Programming Language Design and Implementation},
  pages={22--31},
  year={2007}
}


@inproceedings{lu2015racechecker,
  title={RaceChecker: efficient identification of harmful data races},
  author={Lu, Kai and Wu, Zhendong and Wang, Xiaoping and Chen, Chen and Zhou, Xu},
  booktitle={2015 23rd Euromicro International Conference on Parallel, Distributed, and Network-Based Processing},
  pages={78--85},
  year={2015},
  organization={IEEE}
}


@article{10.1145/3371085,
author = {Pavlogiannis, Andreas},
title = {Fast, Sound, and Effectively Complete Dynamic Race Prediction},
year = {2019},
issue_date = {January 2020},
publisher = {Association for Computing Machinery},
address = {New York, NY, USA},
volume = {4},
number = {POPL},
url = {https://doi.org/10.1145/3371085},
doi = {10.1145/3371085},
journal = {Proc. ACM Program. Lang.},
month = dec,
articleno = {Article 17},
numpages = {29},
keywords = {race detection, concurrency, predictive analyses}
}

  
@article{10.1145/3360605,
author = {Gen\c{c}, Kaan and Roemer, Jake and Xu, Yufan and Bond, Michael D.},
title = {Dependence-Aware, Unbounded Sound Predictive Race Detection},
year = {2019},
issue_date = {October 2019},
publisher = {Association for Computing Machinery},
address = {New York, NY, USA},
volume = {3},
number = {OOPSLA},
url = {https://doi.org/10.1145/3360605},
doi = {10.1145/3360605},
journal = {Proc. ACM Program. Lang.},
month = oct,
articleno = {179},
numpages = {30},
keywords = {data race detection, dynamic predictive analysis}
}

  


